@STRING{onf = "Open Networking Foundation"}
@STRING{onf:addr = "Palo Alto, CA, USA"}

@MANUAL{name:keyword,
    author = {},
    title = {},
    organization = {},
    address = {},
    year = {}
}

@ARTICLE{ieee:lacp,
    title = {{IEEE Standard for Local and metropolitan area networks - Link Aggregation}},
    journal = {IEEE Std 802.1AC-2008},
    pages = {i -- 145},
    year = {2008}
}

@INPROCEEDINGS{handigol:asterix,
    author = {Nikhil Handigol and Mario Flajslik and Srini Seetharaman and Nick McKeown and Ramesh Johari},
    title = {Aster*x: Load-Balancing as a Network Primitive},
    booktitle = {Proceedings of ACLD '10: Architectural Concerns in Large Datacenters},
    year = {2010},
    location = {St. Malo, France}
}

@TECHREPORT{handigol:benchmarks,
    author = {Nikhil Handigol and Brandon Heller and Vimalkumar Jeyakumar and Bob Lantz and Nick McKeown},
    title = {Mininet Performance Fidelity Benchmarks},
    institution = {Stanford University},
    address = {Stanford, CA, USA},
    year = {2012}
}

@INPROCEEDINGS{handigol:mininet,
    author = {Nikhil Handigol and Brandon Heller and Vimalkumar Jeyakumar and Bob Lantz and Nick McKeown},
    title = {Reproducible network experiments using container-based emulation},
    booktitle = {Proceedings of the 8th International Conference on Emerging Networking Experiments and Technologies},
    year = {2012},
    pages = {253--264}
}

@INPROCEEDINGS{heller:placement,
    author = {Brandon Heller and Rob Sherwood and Nick McKeown},
    title = {The controller placement problem},
    booktitle = {Proceedings of the First Workshop on Hot Topics in Software Defined Networks},
    year = {2012},
    pages = {7--12}
}

@INPROCEEDINGS{jain:b4,
    author = {Sushant Jain and Alok Kumar and Subhasree Mandal and Joon Ong and Leon Poutievski and Arjun Singh and Subbaiah Venkata and Jim Wanderer and Junlan Zhou and Min Zhu and Jonathan Zolla and Urs H\"{o}ltze and Stephen Stuart and Amin Vahdat},
    title = {B4: Experience with a Globally-Deployed Software Defined {WAN}},
    booktitle = {Proceedings of the ACM SIGCOMM 2013 Conference on SIGCOMM},
    year = {2013},
    pages = {3--14}
}

@INPROCEEDINGS{kazemian:header,
    author = {Peyman Kazemian and George Varghese and Nick McKeown},
    title = {Header space analysis: static checking for networks},
    booktitle = {Proceedings of the 9th USENIX Conference on Networked Systems Design and Implementation},
    year = {2012},
    pages = {9}
}

@INPROCEEDINGS{koponen:onix,
    author = {Teemu Koponen and Martin Casado and Natasha Gude and Jeremy Stribling and Leon Poutievski and Min Zhu and Rajiv Ramanathan and Yuichiro Iwata and Hiroaki Inoue and Takayuki Hama and Scott Shenker},
    title = {Onix: a distributed control platform for large-scale production networks},
    booktitle = {Proceedings of the 9th USENIX Conference on Operating Systems Design and Implementation},
    year = {2010},
}

@ARTICLE{lakshman:geo,
    author = {T.V. Lakshman and Dimitrios Stiliadis},
    title = {High-speed policy-based packet forwarding using efficient multi-dimensional range matching},
    journal = {ACM SIGCOMM Computer Communication Review},
    volume = {28},
    issue = {4},
    year = {1998},
    pages = {203--214},
    address = {New York, NY, USA}
}

@ARTICLE{mckeown:openflow,
    author = {Nick McKeown and Tom Anderson and Hari Balakrishnan and Guru Parulkar and Larry Peterson and Jennifer Rexford and Scott Shenker and Jonathan Turner},
    title = {{OpenFlow:} Enabling Innovation in Campus Networks},
    journal = {ACM SIGCOMM Computer Communication Review},
    volume = {38},
    issue = {2},
    year = {2008},
    pages = {69--74},
    address = {New York, NY, USA}
}

@UNPUBLISHED{mckeown:sdn,
    author = {Nick McKeown},
    title = {How {SDN} will shape networking},
    year = {2011},
    note = {Open Networking Summit, Stanford, CA, USA},
}

@TECHREPORT{onf:sdn,
    title = {Software-Defined Networking: The New Norm for Networks},
    institution = onf,
    address = onf:addr,
    month = april,
    year = {2012}
}

@TECHREPORT{onf:switch133,
    title = {{OpenFlow} Switch Specification version 1.3.3 (protocol version 0x04)},
    insititution = onf,
    address = onf:addr,
    month = october,
    year = {2013}
}

@TECHREPORT{onf:switch140,
    title = {{OpenFlow} Switch Specification version 1.4.0 (protocol version 0x05)},
    insititution = onf,
    address = onf:addr,
    month = october,
    year = {2013}
}

@TECHREPORT{ongaro:raft,
    author = {Diego Ongaro and John Ousterhout},
    title = {In Search of an Understandable Consensus Algorithm},
    institution = {Stanford University},
    address = {Stanford, CA, USA},
    year = {2013}
}

@INCOLLECTION{raymond:art,
    author = {Eric S. Raymond},
    title = {Plan 9: The Way the Future Was},
    booktitle = {The Art of UNIX Programming},
    chapter = {20},
    publisher = {Pearson Education},
    year = {2003}
}

@MISC{rfc3626,
  author="T. Clausen and P. Jacquet",
  title="{Optimized Link State Routing Protocol (OLSR)}",
  series="Request for Comments",
  number="3626",
  howpublished="RFC 3626 (Experimental)",
  publisher="IETF",
  organization="Internet Engineering Task Force",
  year=2003,
  month=oct,
    url="http://www.ietf.org/rfc/rfc3626.txt",
}

@MISC{rfc5340,
  author="R. Coltun and D. Ferguson and J. Moy and A. Lindem",
  title="{OSPF for IPv6}",
  series="Request for Comments",
  number="5340",
  howpublished="RFC 5340 (Proposed Standard)",
  publisher="IETF",
  organization="Internet Engineering Task Force",
  year=2008,
  month=jul,
    note="Updated by RFCs 6845, 6860",
  url="http://www.ietf.org/rfc/rfc5340.txt",
}

